

@misc{Cisco,
  author = {Cisco},
  title = {TCP/IP Overview},
  howpublished = {\url{https://www.cisco.com/c/en/us/support/docs/ip/routing-information-protocol-rip/13769-5.html}},
  note = {Accessed: 2017-11-13}
}

@misc{kits,
  author = {Cisco},
  title = {UDP},
  howpublished = {\url{https://www.certificationkits.com/udp/}},
  note = {Accessed: 2017-11-13}
}

@misc{rpi,
  author = {RaspberryPi.org},
  title = {Raspberry Pi 3 Model B},
  howpublished = {\url{https://www.raspberrypi.org/products/raspberry-pi-3-model-b/}},
  note = {Accessed: 2017-11-13}
}

@misc{resin,
  author = {Resin.io},
  title = {Resin.io - How it works },
  howpublished = {\url{https://resin.io/how-it-works/}},
  note = {Accessed: 2017-11-13}
}

@misc{react,
  author = {ReactJS},
  title = {ReactJS},
  howpublished = {\url{https://reactjs.org/}},
  note = {Accessed: 2017-11-13}
}

@book{FreeBSD,
	author = {McCusick, M. Neville-Neil, G},
	year = {2015},
	title = {Design and Implemntation of the FreeBSD Operating System},
	publisher = {Addison-Wesley}
}

@misc{realtime,
  author = {Real Time Communication},
  title = {SCTP Introduction},
  howpublished = {\url{https://realtimecommunication.wordpress.com/2016/11/08/sctp-introduction/}},
  note = {Accessed: 2017-11-13}
}

@misc{PP,
  author = {Blaise Barney },
  title = {Introduction to Parallel Computing},
  howpublished = {\url{https://computing.llnl.gov/tutorials/parallel_comp/#ModelsShared}},
  note = {Accessed: 2017-11-13}
}

@misc{Trojan,
  author = {Landwehr, Carl E.; Alan R. Bull; John P. McDermott; William S. Choi},
  title = { A taxonomy of computer program security flaws},
  howpublished = {\url{http://www.dtic.mil/cgi-bin/GetTRDoc?AD=ADA465587}},
  note = {Accessed: 2017-11-20}
}

@misc{Software_Testing_Help,
  title = {Most Popular Test Automation Frameworks with Pros and Cons of Each},
  howpublished = {\url{http://www.softwaretestinghelp.com/test-automation-frameworks-selenium-tutorial-20/}},
  note = {Accessed: 2017-11-11}
}

@misc{ada,
  author = {Adafruit},
  title = {Arduino Uno },
  howpublished = {\url{https://www.adafruit.com/product/50}},
  note = {Accessed: 2017-11-13}
}
@misc{TIOBE,
  author = {TIOBE software BV0},
  title = {TIOBE Index for November 2017},
  howpublished = {\url{https://www.tiobe.com/tiobe-index/}},
  note = {Accessed: 2017-10-29}
}

@misc{wxPython,
  author = {The wxPython Team},
  title = {Overview of wxPython},
  howpublished = {\url{https://wxpython.org/pages/overview/index.html}},
  note = {Accessed: 2017-11-15}
}


