

@misc{Cisco,
  author = {Cisco},
  title = {TCP/IP Overview},
  howpublished = {\url{https://www.cisco.com/c/en/us/support/docs/ip/routing-information-protocol-rip/13769-5.html}},
  note = {Accessed: 2017-11-13}
}

@misc{kits,
  author = {Cisco},
  title = {UDP},
  howpublished = {\url{https://www.certificationkits.com/udp/}},
  note = {Accessed: 2017-11-13}
}



@misc{rpi,
  author = {RaspberryPi.org},
  title = {Raspberry Pi 3 Model B},
  howpublished = {\url{https://www.raspberrypi.org/products/raspberry-pi-3-model-b/}},
  note = {Accessed: 2017-11-13}
}

@misc{resin,
  author = {Resin.io},
  title = {Resin.io - How it works },
  howpublished = {\url{https://resin.io/how-it-works/}},
  note = {Accessed: 2017-11-13}
}

@misc{react,
  author = {ReactJS},
  title = {ReactJS},
  howpublished = {\url{https://reactjs.org/}},
  note = {Accessed: 2017-11-13}
}





