
---EXAMPLES

@book{FreeBSD,
	author = {McCusick, M. Neville-Neil, G},
	year = {2015},
	title = {Design and Implemntation of the FreeBSD Operating System},
	publisher = {Addison-Wesley}
}

@misc{Linux,
  author = {The Linux Documentation Project},
  title = {Chapter 4 Processes},
  howpublished = {\url{http://www.tldp.org/LDP/tlk/kernel/processes.html}},
  note = {Accessed: 2017-10-25}
}


